<record><leader>00000cas a2200000 a 4500</leader><controlfield tag="001">11247066</controlfield><controlfield tag="008">841010d18491876inuwr ne      0    0eng c</controlfield><datafield ind1=" " ind2=" " tag="010"><subfield code="a">sn 84027538 </subfield></datafield><datafield ind1=" " ind2=" " tag="040"><subfield code="a">NPU</subfield><subfield code="b">eng</subfield><subfield code="c">NPU</subfield><subfield code="d">NPI</subfield><subfield code="d">OCLCQ</subfield><subfield code="d">IUL</subfield><subfield code="d">OCLCF</subfield></datafield><datafield ind1="1" ind2=" " tag="029"><subfield code="a">AU@</subfield><subfield code="b">000025789551</subfield></datafield><datafield ind1=" " ind2=" " tag="042"><subfield code="a">pcc</subfield></datafield><datafield ind1=" " ind2=" " tag="043"><subfield code="a">n-us-in</subfield></datafield><datafield ind1="0" ind2=" " tag="130"><subfield code="a">Morgan County gazette (Martinsville, Ind. : 1849)</subfield></datafield><datafield ind1="1" ind2="0" tag="245"><subfield code="a">Morgan County gazette.</subfield></datafield><datafield ind1=" " ind2=" " tag="260"><subfield code="a">Martinsville, Ind. :</subfield><subfield code="b">J.T. Worth</subfield></datafield><datafield ind1=" " ind2=" " tag="300"><subfield code="a">v. :</subfield><subfield code="b">ill. (chiefly advertisements) ;</subfield><subfield code="c">63 cm.</subfield></datafield><datafield ind1=" " ind2=" " tag="310"><subfield code="a">Weekly</subfield></datafield><datafield ind1="1" ind2=" " tag="362"><subfield code="a">Began July 26, 1849.</subfield><subfield code="z">Cf. Miller, John W. Indiana newspaper bibliog.</subfield></datafield><datafield ind1="1" ind2=" " tag="362"><subfield code="a">Ceased in 1876?</subfield><subfield code="z">Cf. Gregory, W. Amer. newspapers.</subfield></datafield><datafield ind1=" " ind2=" " tag="500"><subfield code="a">Began as an Independent paper; became a supporter of the American (Know-Nothing)--party; changed to a Republican paper and then back to an Independent journal. Cf. Miller and issues of the "Gazette."</subfield></datafield><datafield ind1=" " ind2=" " tag="515"><subfield code="a">Has numbering irregularities; issue for January 6, 1866 mislabeled 1865 on banner.</subfield></datafield><datafield ind1=" " ind2=" " tag="588"><subfield code="a">Description based on: Vol. 4, no. 1 (Feb. 6, 1853); title from masthead.</subfield></datafield><datafield ind1=" " ind2=" " tag="588"><subfield code="a">Latest issue consulted: Vol. XVI, no. 1 (January 6, 1866); U.S. Newspaper Archive (viewed May 19, 2017).</subfield></datafield><datafield ind1=" " ind2="0" tag="651"><subfield code="a">Martinsville (Ind.)</subfield><subfield code="v">Newspapers.</subfield></datafield><datafield ind1=" " ind2="0" tag="651"><subfield code="a">Morgan County (Ind.)</subfield><subfield code="v">Newspapers.</subfield></datafield><datafield ind1=" " ind2="7" tag="655"><subfield code="a">Newspapers.</subfield><subfield code="2">fast</subfield><subfield code="0">(OCoLC)fst01423814</subfield></datafield><datafield ind1=" " ind2="7" tag="651"><subfield code="a">Indiana</subfield><subfield code="z">Martinsville.</subfield><subfield code="2">fast</subfield><subfield code="0">(OCoLC)fst01232308</subfield></datafield><datafield ind1=" " ind2="7" tag="651"><subfield code="a">Indiana</subfield><subfield code="z">Morgan County.</subfield><subfield code="2">fast</subfield><subfield code="0">(OCoLC)fst01218134</subfield></datafield><datafield ind1=" " ind2=" " tag="752"><subfield code="a">United States</subfield><subfield code="b">Indiana</subfield><subfield code="c">Morgan</subfield><subfield code="d">Martinsville.</subfield></datafield><datafield ind1="0" ind2="0" tag="780"><subfield code="t">Mooresville chronicle</subfield></datafield><datafield ind1="0" ind2="0" tag="785"><subfield code="t">Weekly gazette (Martinsville, Ind.)</subfield><subfield code="w">(DLC)sn 84037939</subfield><subfield code="w">(OCoLC)11163353</subfield></datafield><datafield ind1="4" ind2="1" tag="856"><subfield code="u">https://access.newspaperarchive.com/us/indiana/martinsville/martinsville-morgan-county-gazette/</subfield></datafield></record>